@Misc{hid-sp18-421-AvroCloud,
title = {Apache Avro},
howpublished = {Web},
timestamp = {2018-02-18},
url = {http://avro.apache.org/docs/1.8.2/},
}


@Misc{hid-sp18-421-BigTopCloud,
title = {Apache BigTop},
howpublished = {Web},
timestamp = {2018-02-18},
url = {http://bigtop.apache.org}
}



@Misc{hid-sp-421-ChukwaCloud,
title ={Apache Chukwa},
timestamp = {2018-02-18},
url = {http://chukwa.apache.org}
}

@Misc{hid-sp-421-ChukwaComponents,
title={Apache Chukwa},
timestamp={2018-02-18},
url={http://chukwa.apache.org/docs/r0.5.0/}
}

@Misc{hid-sp18-421-whirrCloud,
title={Apache Whirr},
howpublished={Web},
timestamp={2018-02-18},
url={https://whirr.apache.org}
}

@Misc{hid-sp18-421-zookeeper,
title={Apache Zookeeper},
howpublished={Web},
timestamp={2018-02-18}
url={https://zookeeper.apache.org}
}


