@Inbook{mnist,
  author = 	 "tensorflow",
  title =        "MNIST for ML Beginners",
  url = 	 "https://www.tensorflow.org/versions/r1.1/get_started/mnist/beginners",
}

@Inbook{svd,
  author = 	 "wikipedia",
  title =        "Singular Value Decomposition",
  year =         "2018",
  url = 	 "https://www.wikiwand.com/en/Singular-value_decomposition",
}
