@Misc{hid-sp18-421-HBase-intro,
Title                    = {Apache HBase},
Author                   = {Apache Software Foundation},
HowPublished             = {Web Page},
TimeStamp                = {2018-03-26},
URL                      = {https://hbase.apache.org},
}

@Misc{hid-sp18-421-HBase-feature,
Title                    = {Features},
Author                   = {Apache Software Foundation},
HowPublished             = {Web Page},
TimeStamp                = {2018-03-26},
URL                      = {https://hbase.apache.org},
}

@Misc{hid-sp18-421-HBase-history,
Title                    = {HBase History},
Author                   = {Tutorial Point},
HowPublished             = {Web Page},
TimeStamp                = {2018-03-26},
URL                      = {https://www.tutorialspoint.com/hbase/hbase_overview.htm},
}

@Misc{hid-sp18-421-HBase-tableoper,
Title                    = {HBase Table Operations},
Author                   = {MAPR},
HowPublished             = {Web Page},
TimeStamp                = {2018-03-26},
URL                      = {https://mapr.com/products/product-overview/apache-hbase/},
}

@Misc{hid-sp18-421-HBase-compactions,
Title                    = {HBase Table Maintenance},
Author                   = {MAPR},
HowPublished             = {Web Page},
TimeStamp                = {2018-03-26},
URL                      = {https://mapr.com/products/product-overview/apache-hbase/},
}

@Misc{hid-sp18-421-HBase-limitations,
Title                    = {Limitations},
Author                   = {Guru99},
HowPublished             = {Web Page},
TimeStamp                = {2018-03-26},
URL                      = {https://www.guru99.com/hbase-limitations-advantage-problems.html},
}

@Misc{hid-sp18-421-HBase-HDFS,
Title = {HBase and HDFS},
Author = {tutorial point},
HowPublished = {Web Page},
URL = {https://www.tutorialspoint.com/hbase/hbase_overview.htm},
}


